@article{di2017developer,
  title={A developer centered bug prediction model},
  author={Di Nucci, Dario and Palomba, Fabio and De Rosa, Giuseppe and Bavota, Gabriele and Oliveto, Rocco and De Lucia, Andrea},
  journal={IEEE Transactions on Software Engineering},
  volume={44},
  number={1},
  pages={5--24},
  year={2017},
  publisher={IEEE}
}

@article{bruegge2009object,
  title={Object--oriented software engineering. using uml, patterns, and java},
  author={Bruegge, Bernd and Dutoit, Allen H},
  journal={Learning},
  volume={5},
  number={6},
  pages={7},
  year={2009}
}